%% This BibTeX bibliography file was created using BibDesk.
%% https://bibdesk.sourceforge.io/

%% Created for Daniel Koch at 2020-06-07 20:07:29 +0200 


%% Saved with string encoding Unicode (UTF-8) 



@mastersthesis{ruffler2006,
	Author = {Uli Ruffler},
	Date-Added = {2020-06-07 20:06:21 +0200},
	Date-Modified = {2020-06-07 20:07:25 +0200},
	Month = {08},
	School = {Institut f{\"u}r Robotik der Fakult{\"a}t f{\"u}r Informatik an der Hochschule Mannheim},
	Title = {Laufplanung basierend auf realit{\"a}tsnahen Umgebungsdaten f{\"u}r einen sechsbeinigen Laufroboter},
	Year = {2006}}

@mastersthesis{herms2004,
	Author = {Andr{\'e} Herms},
	Date-Added = {2020-06-07 10:08:44 +0200},
	Date-Modified = {2020-06-07 10:10:50 +0200},
	Month = {01},
	School = {Otto-von-Guericke-Universit{\"a}t Magdeburg},
	Title = {Entwicklung eines verteilten Laufplaners basierend auf heuristischen Optimierungsverfahren},
	Year = {2004}}

@inproceedings{gmapping2,
	Author = {G. {Grisettiyz} and C. {Stachniss} and W. {Burgard}},
	Booktitle = {Proceedings of the 2005 IEEE International Conference on Robotics and Automation},
	Doi = {10.1109/ROBOT.2005.1570477},
	Keywords = {Simultaneous localization and mapping;Particle filters;Proposals;Mobile robots;Distributed computing;Large-scale systems;Orbital robotics;Adaptive filters;Computer science;Uncertainty},
	Month = {April},
	Pages = {2432-2437},
	Title = {Improving Grid-based SLAM with Rao-Blackwellized Particle Filters by Adaptive Proposals and Selective Resampling},
	Year = {2005},
	Bdsk-Url-1 = {https://doi.org/10.1109/ROBOT.2005.1570477}}
