%% This BibTeX bibliography file was created using BibDesk.
%% https://bibdesk.sourceforge.io/

%% Created for Daniel Koch at 2019-10-12 21:56:24 +0200 


%% Saved with string encoding Unicode (UTF-8) 


@inproceedings{gmapping2,
	author={G. {Grisettiyz} and C. {Stachniss} and W. {Burgard}},
	booktitle={Proceedings of the 2005 IEEE International Conference on Robotics
	and Automation},
	title={Improving Grid-based SLAM with Rao-Blackwellized Particle Filters by
	Adaptive Proposals and Selective Resampling},
	year={2005},
	volume={},
	number={},
	pages={2432-2437},
	keywords={Simultaneous localization and mapping;Particle
	filters;Proposals;Mobile robots;Distributed computing;Large-scale
	systems;Orbital robotics;Adaptive filters;Computer science;Uncertainty},
	doi={10.1109/ROBOT.2005.1570477},
	ISSN={},
	month={April},}
